@misc{eclipseFoundation,
	title = {Eclipse Foundation},
	publisher = {Eclipse Foundation},
	url = {https://www.eclipse.org/documentation/}
}

@misc{firstPlugin,
	title = {Your First Plug-in: Developing the Eclipse 'Hello World' Plug-In},
	publisher = {Eclipse},
	url = {https://www.eclipse.org/articles/Article-Your\%20First\%20Plug-in/YourFirstPlugin.html}
}

@misc{vsDownload,
	title = {Downloads and Tools for Windows 10},
	publisher = {Microsoft},
	url = {https://developer.microsoft.com/en-us/windows/downloads}
}

@misc{ideWiki,
	title = {Integrated Development Environment},
	publisher = {Wikipedia},
	url = {https://en.wikipedia.org/wiki/Integrated\_development\_environment}
}

@misc{oss,
	title = {Open-Source Software},
	publisher = {Wikipedia},
	url = {https://en.wikipedia.org/wiki/Open-source\_software}
}

@misc{pane,
	title = {Pane},
	publisher = {Computer Hope},
	url = {https://www.computerhope.com/jargon/p/pane.htm}
}

@misc{plugIn,
	title = {Plug-in},
	publisher = {Wikipedia},
	url = {https://en.wikipedia.org/wiki/Plug-in\_(computing)}
}

@misc{eclipse,
	title = {Eclipse (software)},
	publisher = {Wikipedia},
	url = {https://en.wikipedia.org/wiki/Eclipse\_(software) }
}